<record xmlns="http://www.loc.gov/MARC21/slim" xmlns:xsi="http://www.w3.org/2001/XMLSchema-instance" xsi:schemaLocation="http://www.loc.gov/MARC21/slim http://www.loc.gov/standards/marcxml/schema/MARC21slim.xsd"><leader>01986nam a2200397   4500</leader><controlfield tag="001">001685861</controlfield><controlfield tag="003">NNU</controlfield><controlfield tag="006">m        d        </controlfield><controlfield tag="007">cr cn |||m|||a</controlfield><controlfield tag="008">150223s1964    iq      o     000 1 arard</controlfield><datafield ind1=" " ind2=" " tag="040"><subfield code="a">NNU</subfield><subfield code="b">eng</subfield><subfield code="c">NNU</subfield></datafield><datafield ind1=" " ind2=" " tag="066"><subfield code="c">(3</subfield></datafield><datafield ind1="1" ind2=" " tag="100"><subfield code="6">880-01</subfield><subfield code="a">F&#257;r&#363;q&#299;, &#699;Abd al-B&#257;q&#299; ibn Sulaym&#257;n,</subfield><subfield code="d">1789 or 1790-1862 or 1863.</subfield></datafield><datafield ind1="1" ind2="0" tag="240"><subfield code="6">880-02</subfield><subfield code="a">Poems.</subfield><subfield code="f">1964</subfield></datafield><datafield ind1="1" ind2="3" tag="245"><subfield code="6">880-03</subfield><subfield code="a">al-Tiry&#257;q al-F&#257;r&#363;q&#299;, aw, D&#299;w&#257;n &#699;Abd al-B&#257;q&#299; al-Umar&#299;</subfield><subfield code="h">[electronic resource].</subfield></datafield><datafield ind1="3" ind2="0" tag="246"><subfield code="6">880-04</subfield><subfield code="a">D&#299;w&#257;n &#699;Abd al-B&#257;q&#299; al-Umar&#299;</subfield></datafield><datafield ind1="3" ind2="0" tag="246"><subfield code="a">Diwan Abdol Baqi al-Omari</subfield></datafield><datafield ind1="1" ind2="5" tag="246"><subfield code="a">Teriaq al-Faruqi</subfield></datafield><datafield ind1=" " ind2=" " tag="250"><subfield code="6">880-05</subfield><subfield code="a">al-&#7788;ab&#699;ah 2.</subfield></datafield><datafield ind1=" " ind2=" " tag="260"><subfield code="6">880-06</subfield><subfield code="a">[al-Najaf] :</subfield><subfield code="b">D&#257;r al-Nu&#699;m&#257;n lil-&#7788;ib&#257;&#699;ah wa-al-Nashr,</subfield><subfield code="c">1964.</subfield></datafield><datafield ind1=" " ind2=" " tag="300"><subfield code="a">online resource (8, 440 p.)</subfield></datafield><datafield ind1=" " ind2=" " tag="500"><subfield code="a">Title on added t.p.: al-Teriaq al-Faruqi, or, Diwan Abdol Baqi al-Omari.</subfield></datafield><datafield ind1=" " ind2=" " tag="500"><subfield code="a">Part of the Arabic Collections Online (ACO) project, contributed by New York Univeristy Libraries.</subfield></datafield><datafield ind1=" " ind2=" " tag="533"><subfield code="a">Electronic reproduction.</subfield><subfield code="b">New York, N.Y. :</subfield><subfield code="c">New York University,</subfield><subfield code="d">2015.</subfield><subfield code="5">NNU</subfield></datafield><datafield ind1="2" ind2=" " tag="710"><subfield code="a">New York University.</subfield><subfield code="b">Libraries.</subfield></datafield><datafield ind1="0" ind2=" " tag="730"><subfield code="a">Arabic Collections Online.</subfield></datafield><datafield ind1="0" ind2="8" tag="776"><subfield code="i">Print version:</subfield><subfield code="a">F&#257;r&#363;q&#299;, &#699;Abd al-B&#257;q&#299; ibn Sulaym&#257;n, 1789 or 1790-1862 or 1863.</subfield><subfield code="t">al-Tiry&#257;q al-F&#257;r&#363;q&#299;, aw, D&#299;w&#257;n &#699;Abd al-B&#257;q&#299; al-Umar&#299;</subfield><subfield code="w">(NNU)001685861</subfield></datafield><datafield ind1="4" ind2="0" tag="856"><subfield code="u">http://hdl.handle.net/2333.1/73n5tcvj</subfield></datafield><datafield ind1="1" ind2=" " tag="880"><subfield code="6">100-01/</subfield><subfield code="a">&#1601;&#1575;&#1585;&#1608;&#1602;&#1610;&#1548; &#1593;&#1576;&#1583; &#1575;&#1604;&#1576;&#1575;&#1602;&#1610; &#1576;&#1606; &#1587;&#1604;&#1610;&#1605;&#1575;&#1606;&#1548;</subfield><subfield code="d">1789 or 1790-1862 or 1863.</subfield></datafield><datafield ind1="1" ind2="0" tag="880"><subfield code="6">240-02/</subfield><subfield code="a">&#1571;&#1588;&#1593;&#1575;&#1585;.</subfield><subfield code="f">1964</subfield></datafield><datafield ind1="1" ind2="2" tag="880"><subfield code="6">245-03/</subfield><subfield code="a">&#1575;&#1604;&#1578;&#1585;&#1610;&#1575;&#1602; &#1575;&#1604;&#1601;&#1575;&#1585;&#1608;&#1602;&#1610;&#1548; &#1571;&#1608;&#1548; &#1583;&#1610;&#1608;&#1575;&#1606; &#1593;&#1576;&#1583; &#1575;&#1604;&#1576;&#1575;&#1602;&#1610; &#1575;&#1604;&#1593;&#1605;&#1585;&#1610;.</subfield></datafield><datafield ind1="3" ind2="0" tag="880"><subfield code="6">246-04/</subfield><subfield code="a">&#1583;&#1610;&#1608;&#1575;&#1606; &#1593;&#1576;&#1583; &#1575;&#1604;&#1576;&#1575;&#1602;&#1610; &#1575;&#1604;&#1593;&#1605;&#1585;&#1610;</subfield></datafield><datafield ind1=" " ind2=" " tag="880"><subfield code="6">250-05/</subfield><subfield code="a">&#1575;&#1604;&#1591;&#1576;&#1593;&#1577; 2.</subfield></datafield><datafield ind1=" " ind2=" " tag="880"><subfield code="6">260-06/</subfield><subfield code="a">[&#1575;&#1604;&#1606;&#1580;&#1601;] :</subfield><subfield code="b">&#1583;&#1575;&#1585; &#1575;&#1604;&#1606;&#1593;&#1605;&#1575;&#1606; &#1604;&#1604;&#1591;&#1576;&#1575;&#1593;&#1577; &#1608;&#1575;&#1604;&#1606;&#1588;&#1585;&#1548;</subfield><subfield code="c">1964.</subfield></datafield><datafield ind1=" " ind2=" " tag="959"><subfield code="a">NNU</subfield><subfield code="b">WEB</subfield><subfield code="c">GENI</subfield><subfield code="t">0</subfield><subfield code="m">Electronic access</subfield><subfield code="s">01</subfield></datafield><datafield ind1=" " ind2=" " tag="999"><subfield code="i">NNU_001685861</subfield><subfield code="s">nyu_aco000400</subfield><subfield code="e">(ERROR-880)</subfield></datafield></record>